@Book{xie2015,
  title = {Dynamic Documents with {R} and knitr},
  author = {Yihui Xie},
  publisher = {Chapman and Hall/CRC},
  address = {Boca Raton, Florida},
  year = {2015},
  edition = {2nd},
  note = {ISBN 978-1498716963},
  url = {http://yihui.name/knitr/},
}

@article{Becerra2018,
  author = {Becerra, Gast{\'{o}}n},
  journal = {Hipertextos},
  number = {9},
  pages = {41--62},
  title = {{Interpelaciones entre el Big data y la Teor{\'{i}}a de los sistemas sociales. Propuestas para un programa de investigaci{\'{o}}n.}},
  url = {http://revistahipertextos.org/ediciones/hipertextos-no-9/},
  volume = {6},
  year = {2018}
}

@book{Abric2001,
  address = {M{\'{e}}xico D.F.},
  author = {Abric, Jean-Claude},
  booktitle = {Mexico},
  file = {:E$\backslash$:/mendeley/Abric - 2001 - Pr{\'{a}}cticas sociales y representaciones.pdf:pdf},
  isbn = {970633193X},
  mendeley-groups = {TRS / Psicolog{\'{i}}a social},
  publisher = {Presses Universitaires},
  title = {{Pr{\'{a}}cticas sociales y representaciones}},
  year = {2001}
}

@article{Dany2014,
  author = {Dany, Lionel and Urdapilleta, Isabel and {Lo Monaco}, Gr{\'{e}}gory},
  doi = {10.1007/s11135-014-0005-z},
  file = {:C$\backslash$:/Users/Noelia/Documents/Mendeley Desktop/Dany, Urdapilleta, Lo Monaco - 2014 - Free associations and social representations some reflections on rank-frequency and importance-fre.pdf:pdf},
  issn = {15737845},
  journal = {Quality and Quantity},
  keywords = {Free associations,Importance frequency method,Rank-frequency method,Social representations,Structural approach},
  mendeley-groups = {TRS / Psicolog{\'{i}}a social},
  number = {2},
  pages = {489--507},
  title = {{Free associations and social representations: some reflections on rank-frequency and importance-frequency methods}},
  volume = {49},
  year = {2014}
}

@article{Wachelke2011,
  author = {Wachelke, Jo{\~{a}}o . and Wolter, Rafael . P .},
  doi = {10.1590/S0102-37722011000400017},
  file = {:C$\backslash$:/Users/Noelia/Documents/Mendeley Desktop/Wachelke, Wolter - 2011 - Crit{\'{e}}rios de constru{\c{c}}{\~{a}}o e relato da an{\'{a}}lise protot{\'{i}}pica para representa{\c{c}}{\~{o}}es sociais(2).pdf:pdf},
  issn = {01023772},
  journal = {Psicologia: Teoria e Pesquisa},
  keywords = {Evocation analysis,Free associations,Prototypical analysis,Social representations},
  mendeley-groups = {TRS / Psicolog{\'{i}}a social},
  number = {4},
  pages = {521--526},
  title = {{Crit{\'{e}}rios de constru{\c{c}}{\~{a}}o e relato da an{\'{a}}lise protot{\'{i}}pica para representa{\c{c}}{\~{o}}es sociais}},
  volume = {24},
  year = {2011}
}

@inproceedings{Becerra2020,
address = {Buenos Aires},
author = {Becerra, Gast{\'{o}}n and L{\'{o}}pez-alurralde, Juan Pablo},
booktitle = {49 Jornadas Argentinas de Inform{\'{a}}tica {\&} Simposio Argentino de Tecnolog{\'{i}}a y Sociedad.},
file = {:E$\backslash$:/mendeley/Becerra, L{\'{o}}pez-alurralde - 2020 - Hacia una exploraci{\'{o}}n de las representaciones sociales en torno al big data.pdf:pdf},
publisher = {Sociedad Argentina de Inform{\'{a}}tica},
title = {{Hacia una exploraci{\'{o}}n de las representaciones sociales en torno al big data}},
year = {2020}
}

@techreport{Gravano2014,
address = {Buenos Aires},
author = {Gravano, Agust{\'{i}}n and {Dell'Amerlina R{\'{i}}os}, Mat{\'{i}}as},
file = {:E\:/mendeley/Gravano, Dell'Amerlina R{\'{i}}os - 2014 - Spanish DAL A Spanish Dictionary of Affect in Language.pdf:pdf},
institution = {Facultad de Ciencias Exactas y Naturales. Universidad de Buenos Aires},
mendeley-groups = {Socio computacional/Text / Opinion / Sentiment mining/Sentiment analysis},
title = {{Spanish DAL: A Spanish Dictionary of Affect in Language}},
url = {http://digital.bl.fcen.uba.ar/Download/technicalreport/technicalreport_00001.pdf},
year = {2014}
}

@article{Whissell2009,
abstract = {Whissell's Dictionary of Affect in Language, originally designed to quantify the Pleasantness and Activation of specifically emotional words, was revised to increase its applicability to samples of natural language. Word selection for the revision privileged natural language, and the matching rate of the Dictionary, which includes 8,742 words, was increased to 90%. Dictionary scores were available for 9 of every 10 words in most language samples. A third rated dimension (Imagery) was added, and normative scores were obtained for natural English. Evidence supports the reliability and validity of ratings. Two sample applications to very disparate instances of natural language are described. The revised Dictionary, which contains ratings for words characteristic of natural language, is a portable tool that can be applied in almost any situation involving language.},
author = {Whissell, Cynthia},
doi = {10.2466/PR0.105.2.509-521},
file = {:E\:/mendeley/Whissell - 2009 - Using the Revised Dictionary of Affect in Language to Quantify the Emotional Undertones of Samples of Natural Language.pdf:pdf},
issn = {0033-2941},
journal = {Psychological Reports},
mendeley-groups = {Socio computacional/Text / Opinion / Sentiment mining/Sentiment analysis},
number = {2},
pages = {509--521},
pmid = {19928612},
title = {{Using the Revised Dictionary of Affect in Language to Quantify the Emotional Undertones of Samples of Natural Language}},
url = {http://journals.sagepub.com/doi/10.2466/PR0.105.2.509-521},
volume = {105},
year = {2009}
}

@article{Becerra2018a,
abstract = {Se presenta el Big data como un fen{\'{o}}meno sociocultural de inter{\'{e}}s para la sociolog{\'{i}}a y la psicolog{\'{i}}a social. Ubic{\'{a}}ndonos en las coordenadas de la Teor{\'{i}}a de los Sistemas Sociales (TSS) de Niklas Luhmann y de las Representaciones Sociales (TRS) de Moscovici se indican posibles enfoques para una investigaci{\'{o}}n emp{\'{i}}rica tendiente a aclarar la tematizaci{\'{o}}n y la significaci{\'{o}}n del big data por parte de la sociedad y los grupos sociales. Luego, se presentan algunas t{\'{e}}cnicas propias del big data y se se{\~{n}}ala –en un nivel program{\'{a}}tico– posibles v{\'{i}}as de integraci{\'{o}}n con los programas de investigaci{\'{o}}n se{\~{n}}alados.},
author = {Becerra, Gast{\'{o}}n},
file = {:E\:/mendeley/Becerra - 2018 - Big data como objeto de estudio y m{\'{e}}todo para la investigaci{\'{o}}n emp{\'{i}}rica en sociolog{\'{i}}a y psicolog{\'{i}}a social(2).pdf:pdf},
journal = {47 Jornadas Argentinas de Inform{\'{a}}tica & Simposio Argentino de Tecnolog{\'{i}}a y Sociedad},
pages = {141--150},
title = {{Big data como objeto de estudio y m{\'{e}}todo para la investigaci{\'{o}}n emp{\'{i}}rica en sociolog{\'{i}}a y psicolog{\'{i}}a social}},
url = {http://47jaiio.sadio.org.ar/sites/default/files/STS-13.pdf},
year = {2018}
}

@book{Auerbach2003,
address = {New York},
author = {Auerbach, Carl and Silverstein, Louise B.},
file = {:E\:/mendeley/Auerbach, Silverstein - 2003 - Qualitative data an introduction to coding and analysis.pdf:pdf},
mendeley-groups = {Socio computacional/Text / Opinion / Sentiment mining/Mixtos / Quali+Mining},
publisher = {New York University Press},
title = {{Qualitative data: an introduction to coding and analysis}},
year = {2003}
}

@inproceedings{Becerra2019,
address = {Buenos Aires},
author = {Becerra, Gast{\'{o}}n},
booktitle = {XIII Jornadas de Sociolog{\'{i}}a.},
file = {:E\:/mendeley/Becerra - 2019 - La construcci{\'{o}}n del big data en la prensa digital argentina.pdf:pdf},
keywords = {big data,construcci{\'{o}}n medi{\'{a}}tica,medios masivos,niklas luhmann,prensa digital},
publisher = {Universidad de Buenos Aires},
title = {{La construcci{\'{o}}n del big data en la prensa digital argentina}},
url = {http://jornadasdesociologia2019.sociales.uba.ar/altaponencia/?acciones2=ver&id_mesa=9&id_ponencia=1252},
year = {2019}
}

@article{VanDijck2014,
author = {van Dijck, Jos{\'{e}}},
file = {:E\:/mendeley/van Dijck - 2014 - Datafication, dataism and dataveillance Big data between scientific paradigm and ideology.pdf:pdf},
isbn = {1477-7487, 1477-7487},
issn = {14777487},
journal = {Surveillance and Society},
mendeley-groups = {Socio computacional,Big data},
number = {2},
pages = {197--208},
title = {{Datafication, dataism and dataveillance: Big data between scientific paradigm and ideology}},
volume = {12},
year = {2014}
}

@book{Krippendorff2004,
address = {London},
annote = {CLASICOS
berelson and lazarsfeld (1948)
berelson (1952)
osgood (1959) - contingency analysis
pennebaker (xxxx) - LIWC diccionary
kleinnijenhuis (90s) - redes semanticas

CIBERNETICOS (textos como sistemas)
rapoport (1969)
boulding (1978)},
author = {Krippendorff, Klaus},
file = {:E\:/mendeley/Krippendorff - 2004 - Content Analysis An Introduction to its Methodology.pdf:pdf},
mendeley-groups = {Epistemologia / Constructivismos,Socio computacional/Text / Opinion / Sentiment mining/Mixtos / Quali+Mining},
publisher = {Sage Publications},
title = {{Content Analysis: An Introduction to its Methodology.}},
year = {2004}
}

@article{Bechmann2019,
abstract = {Artificial Intelligence (AI) in the form of different machine learning models is applied to Big Data as a way to turn data into valuable knowledge. The rhetoric is that ensuing predictions work well—with a high degree of autonomy and automation. We argue that we need to analyze the process of applying machine learning in depth and highlight at what point human knowledge production takes place in seemingly autonomous work. This article reintroduces classification theory as an important framework for understanding such seemingly invisible knowledge production in the machine learning development and design processes. We suggest a framework for studying such classification closely tied to different steps in the work process and exemplify the framework on two experiments with machine learning applied to Facebook data from one of our labs. By doing so we demonstrate ways in which classification and potential discrimination take place in even seemingly unsupervised and autonomous models. Moving away from concepts of non-supervision and autonomy enable us to understand the underlying classificatory dispositifs in the work process and that this form of analysis constitutes a first step towards governance of artificial intelligence.},
author = {Bechmann, Anja and Bowker, Geoffrey C.},
doi = {10.1177/2053951718819569},
file = {:E\:/mendeley/Bechmann, Bowker - 2019 - Unsupervised by any other name Hidden layers of knowledge production in artificial intelligence on social medi.pdf:pdf},
issn = {20539517},
journal = {Big Data and Society},
keywords = {Artificial intelligence,Facebook,bias,classification,discrimination,machine learning,social media},
mendeley-groups = {Socio computacional/Text / Opinion / Sentiment mining/Mixtos / Quali+Mining,Big data},
number = {1},
pages = {1--11},
title = {{Unsupervised by any other name: Hidden layers of knowledge production in artificial intelligence on social media}},
volume = {6},
year = {2019}
}

@book{Paganoni2019,
address = {Cham},
author = {Paganoni, Maria Cristina},
file = {:E\:/mendeley/Paganoni - 2019 - Framing big data a linguistic and discursive approach.pdf:pdf},
isbn = {9783030167882},
mendeley-groups = {Big data},
publisher = {palgrave macmillan},
title = {{Framing big data : a linguistic and discursive approach}},
year = {2019}
}

@article{Jacobi2016,
author = {Jacobi, Carina and van Atteveldt, Wouter and Welbers, Kasper},
doi = {10.1080/21670811.2015.1093271},
file = {:E\:/mendeley/Jacobi, van Atteveldt, Welbers - 2016 - Quantitative analysis of large amounts of journalistic texts using topic modelling.pdf:pdf},
isbn = {2167-0811},
issn = {2167-0811},
journal = {Digital Journalism},
keywords = {Automatic content analysis,Journalism,Nuclear energy,Topic models},
mendeley-groups = {Socio computacional/Text / Opinion / Sentiment mining/Mixtos / Quali+Mining},
month = {jan},
number = {1},
pages = {89--106},
pmid = {21698847},
title = {{Quantitative analysis of large amounts of journalistic texts using topic modelling}},
url = {http://www.tandfonline.com/doi/full/10.1080/21670811.2015.1093271},
volume = {4},
year = {2016}
}

@article{Maier2018,
author = {Maier, Daniel and Waldherr, A. and Miltner, P. and Wiedemann, G. and Niekler, A. and Keinert, A. and Pfetsch, B. and Heyer, G. and Reber, U. and H{\"{a}}ussler, T. and Schmid-Petri, H. and Adam, S.},
doi = {10.1080/19312458.2018.1430754},
file = {:E\:/mendeley/Maier et al. - 2018 - Applying LDA Topic Modeling in Communication Research Toward a Valid and Reliable Methodology.pdf:pdf},
issn = {19312466},
journal = {Communication Methods and Measures},
mendeley-groups = {Socio computacional/Text / Opinion / Sentiment mining/Mixtos / Quali+Mining},
number = {2-3},
pages = {93--118},
publisher = {Routledge},
title = {{Applying LDA Topic Modeling in Communication Research: Toward a Valid and Reliable Methodology}},
url = {https://doi.org/10.1080/19312458.2018.1430754},
volume = {12},
year = {2018}
}

@book{Gialdino2006,
address = {Barcelona},
author = {de Gialdino, Irene Vasilachis},
file = {:E\:/mendeley/Gialdino - 2006 - Estrategias de investigaci{\'{o}}n cualitativa.pdf:pdf},
isbn = {9788497841733},
keywords = {paradigmas},
mendeley-groups = {Socio computacional/Text / Opinion / Sentiment mining/Mixtos / Quali+Mining},
mendeley-tags = {paradigmas},
publisher = {Gedisa},
title = {{Estrategias de investigaci{\'{o}}n cualitativa}},
year = {2006}
}

@article{Martinez-Salgado2012,
abstract = {This paper presents the rationale for the choice of participants in qualitative research in contrast with that of probability sampling principles in epidemiological research. For a better understanding of the differences, concepts of nomothetic and ideographic generalizability, as well as those of transferability and reflexivity, are proposed, Fundamentals of the main types of sampling commonly used in qualitative research, and the meaning of the concept of saturation are mentioned. Finally, some reflections on the controversies that have arisen in recent years on various paradigmatic perspectives from which to conduct qualitative research, their possibilities of combination with epidemiological research, and some implications for the study of health issues are presented.},
author = {Mart{\'{i}}nez-Salgado, Carolina},
doi = {10.1590/S1413-81232012000300006},
file = {:E\:/mendeley/Mart{\'{i}}nez-Salgado - 2012 - El muestreo en investigaci{\'{o}}n cualitativa. Principios b{\'{a}}sicos y algunas controversias.pdf:pdf},
issn = {14138123},
journal = {Ciencia e Saude Coletiva},
keywords = {Critical epidemiology,Epidemiology and qualitative research,Qualitative health research,Sampling in qualitative research},
mendeley-groups = {Socio computacional/Text / Opinion / Sentiment mining/Mixtos / Quali+Mining},
number = {3},
pages = {613--619},
pmid = {22450401},
title = {{El muestreo en investigaci{\'{o}}n cualitativa. Principios b{\'{a}}sicos y algunas controversias}},
volume = {17},
year = {2012}
}
